<?xml version="1.0" encoding="UTF-8"?><collection xmlns="http://www.loc.gov/MARC21/slim"><record><leader>00419nam--2200133-i-4500</leader><controlfield tag="001">000039528</controlfield><controlfield tag="002">20161230</controlfield><controlfield tag="005">20161230201042</controlfield><controlfield tag="008">060222s1000------------r-----000-0-eng-d</controlfield><datafield ind1=" " ind2=" " tag="080"><subfield code="a">621.375.826(043)</subfield></datafield><datafield ind1=" " ind2=" " tag="100"><subfield code="a">Roland,M.Jen-jacques</subfield></datafield><datafield ind1=" " ind2=" " tag="245"><subfield code="a">Etude d`un gyrometre laser:phenomene de couplage  entre ondes et anisotropies periodiques. these</subfield></datafield><datafield ind1=" " ind2=" " tag="260"><subfield code="a">Paris Vi, Univ.De Paris Vi, 1973. 63 P. + 25 Fig</subfield></datafield><datafield ind1=" " ind2=" " tag="852"><subfield code="a">40302</subfield></datafield></record></collection>